<record><leader>00000cas a22000007a 4500</leader><controlfield tag="001">14232079</controlfield><controlfield tag="008">860918d19031904wiuwr ne      0    0eng d</controlfield><datafield ind1=" " ind2=" " tag="010"><subfield code="a">sn 86086685 </subfield></datafield><datafield ind1=" " ind2=" " tag="040"><subfield code="a">NPV</subfield><subfield code="b">eng</subfield><subfield code="c">NPV</subfield><subfield code="d">OCLCQ</subfield></datafield><datafield ind1=" " ind2=" " tag="042"><subfield code="a">msc</subfield></datafield><datafield ind1=" " ind2=" " tag="045"><subfield code="a">x0x0</subfield></datafield><datafield ind1=" " ind2=" " tag="052"><subfield code="a">4123</subfield><subfield code="b">D8</subfield></datafield><datafield ind1="0" ind2="4" tag="245"><subfield code="a">The Menomonie badger.</subfield></datafield><datafield ind1=" " ind2=" " tag="260"><subfield code="a">Menomonie, Wis. :</subfield><subfield code="b">[s.n.],</subfield><subfield code="c">1903-1904.</subfield></datafield><datafield ind1=" " ind2=" " tag="300"><subfield code="a">1 v. :</subfield><subfield code="b">ill.</subfield></datafield><datafield ind1=" " ind2=" " tag="310"><subfield code="a">Weekly</subfield></datafield><datafield ind1="1" ind2=" " tag="362"><subfield code="a">Vol. 1, no. 1 (Oct. 9, 1903)-v. 1, no. 32 (May 31, 1904).</subfield></datafield><datafield ind1=" " ind2=" " tag="500"><subfield code="a">Editor: T. Dreier, Oct. 9, 1903-May 31, 1904.</subfield></datafield><datafield ind1=" " ind2=" " tag="530"><subfield code="a">Available on microfilm from The State Historical Society of Wisconsin.</subfield></datafield><datafield ind1=" " ind2=" " tag="752"><subfield code="a">United States</subfield><subfield code="b">Wisconsin</subfield><subfield code="c">Dunn</subfield><subfield code="d">Menomonie.</subfield></datafield><datafield ind1="1" ind2=" " tag="029"><subfield code="a">AU@</subfield><subfield code="b">000025831440</subfield></datafield></record>